<record><leader>00000cas a2200000 a 4500</leader><controlfield tag="001">43622442</controlfield><controlfield tag="008">000313c19969999cauwr ne      0    0eng c</controlfield><datafield ind1=" " ind2=" " tag="010"><subfield code="a">sn 00060502 </subfield></datafield><datafield ind1=" " ind2=" " tag="040"><subfield code="a">CNK</subfield><subfield code="b">eng</subfield><subfield code="c">CNK</subfield><subfield code="d">CNK</subfield><subfield code="d">OCLCQ</subfield><subfield code="d">OCLCF</subfield><subfield code="d">OCLCO</subfield></datafield><datafield ind1="1" ind2=" " tag="029"><subfield code="a">AU@</subfield><subfield code="b">000021430984</subfield></datafield><datafield ind1=" " ind2=" " tag="042"><subfield code="a">pcc</subfield></datafield><datafield ind1=" " ind2=" " tag="043"><subfield code="a">n-us-ca</subfield></datafield><datafield ind1="0" ind2=" " tag="130"><subfield code="a">Palm Desert post (Palm Desert, Calif. : 1996)</subfield></datafield><datafield ind1="1" ind2="0" tag="245"><subfield code="a">Palm Desert post.</subfield></datafield><datafield ind1="1" ind2="3" tag="246"><subfield code="a">Palm Desert/La Quinta post</subfield><subfield code="f">June 25, 1998-&lt;Nov. 18, 1999&gt;</subfield></datafield><datafield ind1=" " ind2=" " tag="260"><subfield code="a">Indio, Ca. :</subfield><subfield code="b">Desert Sun Pub. Co.</subfield></datafield><datafield ind1=" " ind2=" " tag="300"><subfield code="a">v.</subfield></datafield><datafield ind1=" " ind2=" " tag="310"><subfield code="a">Weekly</subfield></datafield><datafield ind1="0" ind2=" " tag="362"><subfield code="a">Mar. 7, 1996-</subfield></datafield><datafield ind1=" " ind2=" " tag="500"><subfield code="a">"Palm Desert" appears in smaller print to the left of "Post."</subfield></datafield><datafield ind1=" " ind2=" " tag="500"><subfield code="a">Publication moved to Cathedral City, Calif., Nov. 5, 1998.</subfield></datafield><datafield ind1=" " ind2=" " tag="515"><subfield code="a">Issues for Mar. 7, 1996- lack v. and numbering designation; designation begins with &lt;v. 26, issue 28, July 22, 1999&gt;</subfield></datafield><datafield ind1=" " ind2=" " tag="530"><subfield code="a">Master negatives are available for duplication from:</subfield><subfield code="b">California Newspaper Microfilm Archive;</subfield><subfield code="c">positive copies may be purchased by the reel; for further information consult the CNMA at:</subfield><subfield code="u">http://cbsr.ucr.edu</subfield></datafield><datafield ind1=" " ind2="0" tag="651"><subfield code="a">Coachella Valley (Calif.)</subfield><subfield code="v">Newspapers.</subfield></datafield><datafield ind1=" " ind2="0" tag="651"><subfield code="a">Palm Desert (Calif.)</subfield><subfield code="v">Newspapers.</subfield></datafield><datafield ind1=" " ind2="0" tag="651"><subfield code="a">Cathedral City (Calif.)</subfield><subfield code="v">Newspapers.</subfield></datafield><datafield ind1=" " ind2="0" tag="651"><subfield code="a">Rancho Mirage (Calif.)</subfield><subfield code="v">Newspapers.</subfield></datafield><datafield ind1=" " ind2="7" tag="655"><subfield code="a">Newspapers.</subfield><subfield code="2">fast</subfield><subfield code="0">(OCoLC)fst01423814</subfield></datafield><datafield ind1=" " ind2="7" tag="651"><subfield code="a">California</subfield><subfield code="z">Cathedral City.</subfield><subfield code="2">fast</subfield><subfield code="0">(OCoLC)fst01214363</subfield></datafield><datafield ind1=" " ind2="7" tag="651"><subfield code="a">California</subfield><subfield code="z">Coachella Valley.</subfield><subfield code="2">fast</subfield><subfield code="0">(OCoLC)fst01239812</subfield></datafield><datafield ind1=" " ind2="7" tag="651"><subfield code="a">California</subfield><subfield code="z">Palm Desert.</subfield><subfield code="2">fast</subfield><subfield code="0">(OCoLC)fst01219032</subfield></datafield><datafield ind1=" " ind2="7" tag="651"><subfield code="a">California</subfield><subfield code="z">Rancho Mirage.</subfield><subfield code="2">fast</subfield><subfield code="0">(OCoLC)fst01228795</subfield></datafield><datafield ind1=" " ind2=" " tag="752"><subfield code="a">United States</subfield><subfield code="b">California</subfield><subfield code="c">Riverside</subfield><subfield code="d">Cathedral City.</subfield></datafield><datafield ind1=" " ind2=" " tag="752"><subfield code="a">United States</subfield><subfield code="b">California</subfield><subfield code="c">Riverside</subfield><subfield code="d">Indio.</subfield></datafield><datafield ind1="0" ind2="0" tag="780"><subfield code="t">Desert post (Palm Desert, Calif. : 1989)</subfield><subfield code="w">(DLC)sn 00060501</subfield></datafield></record>